@techreport{Larsson-SimGen,
  author = {Fredrik Larsson and Peter Magnusson and Bengt Werner},
  title = {SimGen: Development of Efficient Instruction Set Simulators},
  institution = {Swedish Institute of Computer Science},
  number = {SICS Technical Report R97:03},
  year = {1997},
}

@inproceedings{Zivojnovic-LISA,
  author={Zivojnovic, V. and Pees, S. and Meyr, H.},
  booktitle={VLSI Signal Processing, IX},
  title={LISA-machine description language and generic machine model for HW/SW
         co-design},
  year={1996},
  pages={127-136},
  doi={10.1109/VLSISP.1996.558311},
}

@article{Hadjiyiannis-ISDL,
  author = {Hadjiyiannis, George and Hanono, Silvina and Devadas, Srinivas},
  year = {2000},
  month = {09},
  pages = {39-69},
  title = {ISDL: An Instruction Set Description Language for Retargetability
           and Architecture Exploration},
  volume = {6},
  journal = {Design Autom. for Emb. Sys.},
  doi = {10.1023/A:1008937425064},
}

@inproceedings{Schliebusch-LISA,
  author={Schliebusch, O. and Hoffmann, A. and Nohl, A. and Braun, G. and
          Meyr, H.},
  booktitle={Proceedings of ASP-DAC/VLSI Design 2002. 7th Asia and South
             Pacific Design Automation Conference and 15h International
             Conference on VLSI Design},
  title={Architecture implementation using the machine description language
         LISA},
  year={2002},
  pages={239-244},
  doi={10.1109/ASPDAC.2002.994928},
}

@manual{Nikhil-BSV,
  title = {BSV by Example. The next-generation language for electronic system
           design},
  author = {Rishiyur S. Nikhil and Kathy Czeck},
  organization = {Bluespec},
  month = {11},
  year = {2010},
}
