@inproceedings{wang-coremu,
  author = {Wang, Zhaoguo and Liu, Ran and Chen, Yufei and Wu, Xi and Chen,
    Haibo and Zhang, Weihua and Zang, Binyu},
  title = {COREMU: A Scalable and Portable Parallel Full-System Emulator},
  year = {2011},
  isbn = {9781450301190},
  publisher = {Association for Computing Machinery},
  address = {New York, NY, USA},
  doi = {10.1145/1941553.1941583},
  booktitle = {Proceedings of the 16th ACM Symposium on Principles and Practice of Parallel Programming},
  pages = {213–222},
  numpages = {10},
  location = {San Antonio, TX, USA},
  series = {PPoPP '11},
}

@techreport{gharachorloo-memory-consistency,
  author = {Kourosh Gharachorloo},
  title = {Memory Consistency Models for Shared-Memory Multiprocessors},
  institution = {Stanford University},
  number = {CSL-TR-95-685},
  year = {1995},
}

@misc{mckenney-memory-barriers,
  author = {Paul E. Mckenney},
  title = {Memory Barriers: a Hardware View for Software Hackers},
  year = {2009},
}

@inproceedings{ding-pqemu,
  author={Ding, Jiun-Hung and Chang, Po-Chun and Hsu, Wei-Chung and Chung, Yeh-Ching},
  booktitle={2011 IEEE 17th International Conference on Parallel and Distributed Systems}, 
  title={PQEMU: A Parallel System Emulator Based on QEMU}, 
  year={2011},
  pages={276-283},
  doi={10.1109/ICPADS.2011.102},
}

@article{fujimoto-pdes,
  author = {Fujimoto, Richard M.},
  title = {Parallel Discrete Event Simulation},
  year = {1990},
  issue_date = {Oct. 1990},
  publisher = {Association for Computing Machinery},
  address = {New York, NY, USA},
  volume = {33},
  number = {10},
  issn = {0001-0782},
  doi = {10.1145/84537.84545},
  journal = {Commun. ACM},
  month = {oct},
  pages = {30–53},
  numpages = {24},
}

@misc{liu-pdes,
    author = {Jason Liu},
    title = {Parallel Discrete-Event Simulation},
    year = {2009},
}

@article{misra-ddes,
  author = {Misra, Jayadev},
  title = {Distributed Discrete-Event Simulation},
  year = {1986},
  issue_date = {March 1986},
  publisher = {Association for Computing Machinery},
  address = {New York, NY, USA},
  volume = {18},
  number = {1},
  issn = {0360-0300},
  doi = {10.1145/6462.6485},
  journal = {ACM Comput. Surv.},
  month = {mar},
  pages = {39–65},
  numpages = {27},
}
