@article{popek-goldberg-vm-requirements,
  author = {Popek, Gerald J. and Goldberg, Robert P.},
  title = {Formal Requirements for Virtualizable Third Generation
    Architectures},
  year = {1974},
  issue_date = {July 1974},
  publisher = {Association for Computing Machinery},
  volume = {17},
  number = {7},
  issn = {0001-0782},
  doi = {10.1145/361011.361073},
  journal = {Communications of the ACM},
  month = jul,
  pages = {412-421},
  numpages = {10},
}
